@article{brown,
  title={Renewable energy markets and prospects by technology},
  author={A. Brown, S. M{\"u}ller and Z. Dobrotkov{\'a}},
  journal={International Energy Agency (IEA)/OECD},
  year={2011}
}

@article{jeon2012maintenance,
  title={Maintenance robot for wind power blade cleaning},
  author={Jeon, Minseok and Kim, Byunggon and Park, Sora and Hong, Daehie},
  journal={Seoul, Korea: Department of Mechanical Engineering, Korea University},
  year={2012}
}

@inproceedings{riwea,
  title={Robot for rotor blade inspection},
  author={Elkmann, Norbert and Felsch, Torsten and Forster, Tilo},
  booktitle={Applied Robotics for the Power Industry (CARPI), 2010 1st International Conference on},
  pages={1--5},
  year={2010},
  organization={IEEE}
}

@article{ecofys,
  title={Financing Renewable Energy in the European Energy Market: Final Report},
  author={Ecofys, Fraunhofer ISI, TU Vienna EEG and Ernst {\&} Young},
  journal={Ecofys},
  year={2011}
}

@misc{torbo,
 title = {torboMate \"Crawler\"},
 author={Torbo},
 howpublished={torboMate \"Crawler\" website. http://www.torbo24.com/Produkte/Videos-Produktfilme.php?we_objectID=460 {A}cessado no dia 30 de {M}ar√ßo, 2015},
 year={2008},
} 

@misc{wi,
 title = {Use and Capacity of Global Hydropower Increases},
 author={Worldwatch Institute},
 howpublished={Worldwatch Institute Vision for a Sustainable World website. http://www.worldwatch.org/node/9527 {A}ccessed on {D}ecember 29$^{th}$, 2014},
 year={2012},
} 

@misc{aneel,
 title = {Atlas de Energia El{\'e}tria - Third Edition},
 author={ANEEL},
 howpublished={Ag{\^e}ncia Nacional de Energia El{\'e}trica (ANEEL) website. http://www.aneel.gov.br. {A}ccessed on {D}ecember 29$^{th}$, 2014},
 year={2008},
}

@misc{amazon,
 title = {A Raging River},
 author={Ana Aranha},
 howpublished={Amazon Watch - Eye on the Amazon website. http://amazonwatch.org/news/2013/0124-a-raging-river. {A}ccessed on {J}anuary 2$^{nd}$, 2015},
 year={2013},
} 

@book{jack,
  title={Hydraulic Gates and Valves: In Free Surface Flow and Submerged Outlets},
  author={Jack Lewin},
  publisher={Thomas Telford},
  year={1995}
}

@inproceedings{pinc,
  title={Design of movable weirs and storm surge barriers},
  author={InCom Working Group 26},
  booktitle={InCom report of WG 26},
  year={2006}
} 

@misc{hatch,
 title = {Innovative log lifter improves safety and efficiency at the Ivanhoe Dam},
 author={Hatch},
 howpublished={Hatch news website. http://hatch.ca/news{\_}publications/Energy{\_}Innovations. {A}ccessed on {J}anuary 4$^{th}$, 2015},
 year={2009},
} 

@misc{atlas,
 title = {Stop Log Lifter Systems},
 author={Atlas Polar},
 howpublished={Atlas Polar website. http://www.atlaspolar.com/trash-rake/stop-log-lifter-systems.html. {A}ccessed on {J}anuary 4$^{th}$, 2015},
 year={2015},
} 

